<?xml version="1.0" encoding="UTF-8"?><collection xmlns="http://www.loc.gov/MARC21/slim"><record><leader>00505nam--2200181-i-4500</leader><controlfield tag="001">000017384</controlfield><controlfield tag="002">20161230</controlfield><controlfield tag="005">20161230201032</controlfield><controlfield tag="008">060222s1000------------r-----000-0-eng-d</controlfield><datafield ind1=" " ind2=" " tag="020"><subfield code="a">1853263303</subfield></datafield><datafield ind1=" " ind2=" " tag="040"><subfield code="a">IFIN-HH</subfield></datafield><datafield ind1=" " ind2=" " tag="080"><subfield code="a">038=20=30</subfield></datafield><datafield ind1="1" ind2=" " tag="100"><subfield code="a">Sawyers, Robin</subfield></datafield><datafield ind1="1" ind2="0" tag="245"><subfield code="a">The wordswoth english-german, german-english dictionary</subfield><subfield code="c">Robin sawyers (ed.)</subfield></datafield><datafield ind1=" " ind2=" " tag="260"><subfield code="a">Heterfordshire</subfield><subfield code="b">Wordsworth Reference</subfield><subfield code="c">1995</subfield></datafield><datafield ind1=" " ind2=" " tag="300"><subfield code="a">XVIII + 627 P</subfield></datafield><datafield ind1=" " ind2=" " tag="852"><subfield code="a">D.699</subfield><subfield code="c">SLCH</subfield></datafield><datafield ind1=" " ind2=" " tag="CAT"><subfield code="a">Sys</subfield><subfield code="c">20130306</subfield><subfield code="h">102648</subfield></datafield></record></collection>